@Book{cleveland1993,
  author =       {Cleveland, William S.},
  title =        {Visualizing Data},
  publisher =    {Hobart Press, Summit, New Jersey},
  year =         1993,
  isbn =         {978-0963488404}
}
@Book{dasu2003,
  author       = {Tamraparni Dasu and Theodore Johnson},
  title        = {Exploratory Data Mining and Data Cleaning},
  year         = 2003,
  publisher    = {John Wiley},
  isbn         = {0-471-26851-8},
  timestamp    = {Tue, 24 Jun 2003 08:48:42 +0200},
  biburl       = {https://dblp.org/rec/books/wi/DasuJ03.bib},
  bibsource    = {dblp computer science bibliography, https://dblp.org}
}
@Book{fayyad2001,
  title        = {Information Visualization in Data Mining and Knowledge
                  Discovery},
  year         = 2001,
  editor       = {Usama M. Fayyad and Georges G. Grinstein and Andreas Wierse},
  publisher    = {Morgan Kaufmann},
  isbn         = {1-55860-689-0},
  url          =
                  {http://www.mkp.com/books\_catalog/catalog.asp?ISBN=1-55860-689-0},
  timestamp    = {Wed, 10 Jul 2019 10:47:06 +0200},
  biburl       = {https://dblp.org/rec/books/mk/FayyadGW2001.bib},
  bibsource    = {dblp computer science bibliography, https://dblp.org}
}
@Book{kaufman1990,
  author       = {Leonard Kaufman and Peter J. Rousseeuw},
  title        = {Finding Groups in Data: An Introduction to Cluster Analysis},
  year         = 1990,
  publisher    = {John Wiley},
  isbn         = {978-0-47187876-6},
  doi          = {10.1002/9780470316801},
  url          = {https://doi.org/10.1002/9780470316801},
  timestamp    = {Tue, 23 Jul 2019 12:44:35 +0200},
  biburl       = {https://dblp.org/rec/books/wi/KaufmanR90.bib},
  bibsource    = {dblp computer science bibliography, https://dblp.org}
}
@periodical{dataReductionIssue1997,
  editor = {Lomet, David and Hellerstein, Joseph M.},
  year = {1997},
  title = {Special Issue on Data Reduction Techniques},
  issuetitle = {Bulletin of the Technical Committee on Data Engineering},
  volume = {20},
  number = {4},
  url = {http://sites.computer.org/debull/97DEC-CD.pdf}
}
@article{keim2002,
  author    = {Daniel A. Keim},
  title     = {Information Visualization and Visual Data Mining},
  journal   = {{IEEE} Trans. Vis. Comput. Graph.},
  volume    = 8,
  number    = 1,
  pages     = {1--8},
  year      = 2002,
  url       = {https://doi.org/10.1109/2945.981847},
  doi       = {10.1109/2945.981847},
  timestamp = {Sun, 28 May 2017 13:18:26 +0200},
  biburl    = {https://dblp.org/rec/journals/tvcg/Keim02.bib},
  bibsource = {dblp computer science bibliography, https://dblp.org}
}
@Article{naumann2013,
  author       = {Felix Naumann},
  title        = {Data profiling revisited},
  year         = 2013,
  volume       = 42,
  number       = 4,
  pages        = {40--49},
  doi          = {10.1145/2590989.2590995},
  url          = {https://doi.org/10.1145/2590989.2590995},
  journal      = {{SIGMOD} Rec.},
  timestamp    = {Fri, 06 Mar 2020 21:55:43 +0100},
  biburl       = {https://dblp.org/rec/journals/sigmod/Naumann13.bib},
  bibsource    = {dblp computer science bibliography, https://dblp.org}
}
@book{pyle1999,
  author    = {Dorian Pyle},
  title     = {Data Preparation for Data Mining},
  publisher = {Morgan Kaufmann},
  year      = 1999,
  isbn      = {1-55860-529-0},
  timestamp = {Mon, 28 Jan 2002 16:00:14 +0100},
  biburl    = {https://dblp.org/rec/books/mk/Pyle99.bib},
  bibsource = {dblp computer science bibliography, https://dblp.org}
}
@Article{santini1999,
  author       = {Simone Santini and Ramesh C. Jain},
  title        = {Similarity Measures},
  year         = 1999,
  volume       = 21,
  number       = 9,
  pages        = {871-883},
  doi          = {10.1109/34.790428},
  url          = {https://doi.org/10.1109/34.790428},
  journal      = {{IEEE} Trans. Pattern Anal. Mach. Intell.},
  timestamp    = {Wed, 17 May 2017 10:56:23 +0200},
  biburl       = {https://dblp.org/rec/journals/pami/SantiniJ99.bib},
  bibsource    = {dblp computer science bibliography, https://dblp.org}
}
@Book{tufte2001,
  author       = {Edward Rolf Tufte},
  title        = {The visual display of quantitative information},
  year         = 2001,
  publisher    = {Graphics Press},
  isbn         = {978-0-9613921-4-7},
  note         = {2nd edition}
}
@Article{yu2009,
  author       = {Chen Yu and Yiwen Zhong and Thomas Smith and Ikhyun Park and
                  Weixia Huang},
  title        = {Visual data mining of multimedia data for social and
                  behavioral studies},
  year         = 2009,
  volume       = 8,
  number       = 1,
  pages        = {56-70},
  doi          = {10.1057/ivs.2008.32},
  url          = {https://doi.org/10.1057/ivs.2008.32},
  journal      = {Inf. Vis.},
  timestamp    = {Thu, 11 Nov 2021 14:44:45 +0100},
  biburl       = {https://dblp.org/rec/journals/ivs/YuZSPH09.bib},
  bibsource    = {dblp computer science bibliography, https://dblp.org}
}
@InProceedings{agarwal1996,
  author       = {Sameet Agarwal and Rakesh Agrawal and Prasad Deshpande and
                  Ashish Gupta and Jeffrey F. Naughton and Raghu Ramakrishnan
                  and Sunita Sarawagi},
  title        = {On the Computation of Multidimensional Aggregates},
  year         = 1996,
  booktitle    = {VLDB'96, Proceedings of 22th International Conference on Very
                  Large Data Bases, September 3-6, 1996, Mumbai (Bombay), India},
  pages        = {506-521},
  url          = {http://www.vldb.org/conf/1996/P506.PDF},
  crossref     = {DBLP:conf/vldb/96},
  timestamp    = {Tue, 07 Nov 2017 16:24:37 +0100},
  biburl       = {https://dblp.org/rec/conf/vldb/AgarwalADGNRS96.bib},
  bibsource    = {dblp computer science bibliography, https://dblp.org},
  keywords     = {OLAP}
}
@proceedings{DBLP:conf/vldb/96,
  editor    = {T. M. Vijayaraman and
               Alejandro P. Buchmann and
               C. Mohan and
               Nandlal L. Sarda},
  title     = {VLDB'96, Proceedings of 22th International Conference on Very Large
               Data Bases, September 3-6, 1996, Mumbai (Bombay), India},
  publisher = {Morgan Kaufmann},
  year      = 1996,
  isbn      = {1-55860-382-4},
  timestamp = {Fri, 19 Nov 2021 09:57:42 +0100},
  biburl    = {https://dblp.org/rec/conf/vldb/96.bib},
  bibsource = {dblp computer science bibliography, https://dblp.org}
}
@Article{agrawald1997,
  author       = {Agrawal, D. and El Abbadi, A. and Singh, A. and Yurek, T.},
  title        = {Efficient view maintenance at data warehouses},
  year         = 1997,
  doi          = {10.1145/253260.253355},
  url          = {http://dx.doi.org/10.1145/253260.253355},
  journal      = {Proceedings of the 1997 ACM SIGMOD international conference on
                  Management of data - SIGMOD â€™97},
  publisher    = {ACM Press},
  keywords    = {OLAP}
}
@InProceedings{agrawalr1997,
  author       = {Rakesh Agrawal and Ashish Gupta and Sunita Sarawagi},
  title        = {Modeling Multidimensional Databases},
  year         = 1997,
  booktitle    = {Proceedings of the Thirteenth International Conference on Data
                  Engineering, April 7-11, 1997, Birmingham, {UK}},
  pages        = {232-243},
  doi          = {10.1109/ICDE.1997.581777},
  url          = {https://doi.org/10.1109/ICDE.1997.581777},
  crossref     = {DBLP:conf/icde/97},
  timestamp    = {Wed, 16 Oct 2019 14:14:56 +0200},
  biburl       = {https://dblp.org/rec/conf/icde/AgrawalGS97.bib},
  bibsource    = {dblp computer science bibliography, https://dblp.org},
  keywords    = {OLAP}
}
@proceedings{DBLP:conf/icde/97,
  editor    = {W. A. Gray and
               Per{-}{\AA}ke Larson},
  title     = {Proceedings of the Thirteenth International Conference on Data Engineering,
               April 7-11, 1997, Birmingham, {UK}},
  publisher = {{IEEE} Computer Society},
  year      = 1997,
  url       = {https://ieeexplore.ieee.org/xpl/conhome/4453/proceeding},
  isbn      = {0-8186-7807-0},
  timestamp = {Fri, 19 Nov 2021 10:03:56 +0100},
  biburl    = {https://dblp.org/rec/conf/icde/97.bib},
  bibsource = {dblp computer science bibliography, https://dblp.org}
}
@book{gupta1999,
    author = {Gupta, Ashish and Mumick, Inderpal Singh},
    title = {Materialized Views: Techniques, Implementations, and Applications},
    publisher = {The MIT Press},
    year = 1999,
    month = 5,
    isbn = 9780262287500,
    doi = {10.7551/mitpress/4472.001.0001},
    url = {https://doi.org/10.7551/mitpress/4472.001.0001},
    keywords    = {OLAP}
}
@Article{chaudhuri1997,
  author       = {Surajit Chaudhuri and Umeshwar Dayal},
  title        = {An Overview of Data Warehousing and {OLAP} Technology},
  year         = 1997,
  volume       = 26,
  number       = 1,
  pages        = {65--74},
  doi          = {10.1145/248603.248616},
  url          = {https://doi.org/10.1145/248603.248616},
  journal      = {{SIGMOD} Rec.},
  timestamp    = {Fri, 06 Mar 2020 21:55:51 +0100},
  biburl       = {https://dblp.org/rec/journals/sigmod/ChaudhuriD97.bib},
  bibsource    = {dblp computer science bibliography, https://dblp.org},
  keywords    = {OLAP}
}
@article{codd1993,
  author       = {E. F. Codd and S. B. Codd and C. T. Salley},
  title        = {Beyond Decision Support},
  year         = 1993,
  volume       = 27,
  number       = 30,
  pages        = {87--89},
  journal      = {Computer World},
  keywords    = {OLAP}
}
@Article{gray1997,
  author       = {Jim Gray and Surajit Chaudhuri and Adam Bosworth and Andrew
                  Layman and Don Reichart and Murali Venkatrao and Frank Pellow
                  and Hamid Pirahesh},
  title        = {Data Cube: {A} Relational Aggregation Operator Generalizing
                  Group-by, Cross-Tab, and Sub Totals},
  year         = 1997,
  volume       = 1,
  number       = 1,
  pages        = {29-53},
  doi          = {10.1023/A:1009726021843},
  url          = {https://doi.org/10.1023/A:1009726021843},
  journal      = {Data Min. Knowl. Discov.},
  timestamp    = {Sun, 02 Jun 2019 21:01:25 +0200},
  biburl       = {https://dblp.org/rec/journals/datamine/GrayCBLRVPP97.bib},
  bibsource    = {dblp computer science bibliography, https://dblp.org},
  keywords    = {OLAP}
}
@Article{han1998,
  author       = {Jiawei Han},
  title        = {Towards On-Line Analytical Mining in Large Databases},
  year         = 1998,
  volume       = 27,
  number       = 1,
  pages        = {97--107},
  doi          = {10.1145/273244.273273},
  url          = {https://doi.org/10.1145/273244.273273},
  journal      = {{SIGMOD} Rec.},
  timestamp    = {Fri, 06 Mar 2020 21:56:27 +0100},
  biburl       = {https://dblp.org/rec/journals/sigmod/Han98.bib},
  bibsource    = {dblp computer science bibliography, https://dblp.org},
  keywords    = {OLAP}
}
@InProceedings{harinarayan1996,
  author       = {Venky Harinarayan and Anand Rajaraman and Jeffrey D. Ullman},
  title        = {Implementing Data Cubes Efficiently},
  year         = 1996,
  booktitle    = {Proceedings of the 1996 {ACM} {SIGMOD} International
                  Conference on Management of Data, Montreal, Quebec, Canada,
                  June 4-6, 1996},
  pages        = {205-216},
  doi          = {10.1145/233269.233333},
  url          = {https://doi.org/10.1145/233269.233333},
  crossref     = {DBLP:conf/sigmod/96},
  timestamp    = {Mon, 21 Jun 2021 16:00:48 +0200},
  biburl       = {https://dblp.org/rec/conf/sigmod/HarinarayanRU96.bib},
  bibsource    = {dblp computer science bibliography, https://dblp.org},
  keywords    = {OLAP}
}
@proceedings{DBLP:conf/sigmod/96,
  editor    = {H. V. Jagadish and
               Inderpal Singh Mumick},
  title     = {Proceedings of the 1996 {ACM} {SIGMOD} International Conference on
               Management of Data, Montreal, Quebec, Canada, June 4-6, 1996},
  publisher = {{ACM} Press},
  year      = {1996},
  url       = {https://doi.org/10.1145/233269},
  doi       = {10.1145/233269},
  isbn      = {978-0-89791-794-0},
  timestamp = {Fri, 19 Nov 2021 10:21:48 +0100},
  biburl    = {https://dblp.org/rec/conf/sigmod/96.bib},
  bibsource = {dblp computer science bibliography, https://dblp.org}
}
@InProceedings{hellerstein1997,
  author       = {Joseph M. Hellerstein and Peter J. Haas and Helen J. Wang},
  title        = {Online Aggregation},
  year         = 1997,
  booktitle    = {{SIGMOD} 1997, Proceedings {ACM} {SIGMOD} International
                  Conference on Management of Data, May 13-15, 1997, Tucson,
                  Arizona, {USA}},
  pages        = {171-182},
  doi          = {10.1145/253260.253291},
  url          = {https://doi.org/10.1145/253260.253291},
  crossref     = {DBLP:conf/sigmod/97},
  timestamp    = {Sat, 31 Jul 2021 17:22:21 +0200},
  biburl       = {https://dblp.org/rec/conf/sigmod/HellersteinHW97.bib},
  bibsource    = {dblp computer science bibliography, https://dblp.org},
  keywords     = {OLAP}
}
@book{imhoff2003,
  title={Mastering Data Warehouse Design: Relational and Dimensional Techniques},
  author={Imhoff, C. and Galemmo, N. and Geiger, J.G.},
  isbn={978-0-47132-421-8},
  lccn=2003010879,
  year=2003,
  publisher={Wiley},
  keywords     = {OLAP}
}
@book{inmon2005,
  title={Building the Data Warehouse},
  author={Inmon, William H.},
  isbn={978-076459-944-6},
  year=2005,
  publisher={Wiley},
  note={4th edition},
  keywords     = {OLAP}
}
@book{kimball2013,
  title={The Data Warehouse Toolkit: The Definitive Guide to Dimensional Modeling},
  author={Kimball, Ralph, and Ross, Margy},
  isbn={978-1-118-53080-1},
  year=2013,
  publisher={Wiley},
  note={3rd edition},
  keywords     = {OLAP}
}
@book{kimball2004,
  title={The Data Warehouse {ETL} Toolkit: Practical Techniques for Extracting, Cleaning, Conforming, and Delivering Data},
  author={Kimball, Ralph, and Caserta, Joe},
  isbn={978-0764567575},
  year=2004,
  publisher={Wiley},
  keywords     = {OLAP}
}
@Article{oneil1995,
  author       = {Patrick E. O'Neil and Goetz Graefe},
  title        = {Multi-Table Joins Through Bitmapped Join Indices},
  year         = 1995,
  volume       = 24,
  number       = 3,
  pages        = {8-11},
  doi          = {10.1145/211990.212001},
  url          = {https://doi.org/10.1145/211990.212001},
  journal      = {{SIGMOD} Rec.},
  timestamp    = {Fri, 06 Mar 2020 21:55:45 +0100},
  biburl       = {https://dblp.org/rec/journals/sigmod/ONeilG95.bib},
  bibsource    = {dblp computer science bibliography, https://dblp.org},
  keywords     = {OLAP}
}
@InProceedings{oneil1997,
  author       = {Patrick E. O'Neil and Dallan Quass},
  title        = {Improved Query Performance with Variant Indexes},
  year         = 1997,
  booktitle    = {{SIGMOD} 1997, Proceedings {ACM} {SIGMOD} International
                  Conference on Management of Data, May 13-15, 1997, Tucson,
                  Arizona, {USA}},
  pages        = {38--49},
  doi          = {10.1145/253260.253268},
  url          = {https://doi.org/10.1145/253260.253268},
  crossref     = {DBLP:conf/sigmod/97},
  timestamp    = {Mon, 14 Jun 2021 15:39:36 +0200},
  biburl       = {https://dblp.org/rec/conf/sigmod/ONeilQ97.bib},
  bibsource    = {dblp computer science bibliography, https://dblp.org},
  keywords     = {OLAP}
}
@proceedings{DBLP:conf/sigmod/97,
  editor    = {Joan Peckham},
  title     = {{SIGMOD} 1997, Proceedings {ACM} {SIGMOD} International Conference
               on Management of Data, May 13-15, 1997, Tucson, Arizona, {USA}},
  publisher = {{ACM} Press},
  year      = 1997,
  url       = {https://doi.org/10.1145/253260},
  doi       = {10.1145/253260},
  isbn      = {978-0-89791-911-1},
  timestamp = {Fri, 19 Nov 2021 10:34:45 +0100},
  biburl    = {https://dblp.org/rec/conf/sigmod/97.bib},
  bibsource = {dblp computer science bibliography, https://dblp.org}
}
